<?xml version="1.0" encoding="UTF-8"?><record xmlns="http://www.loc.gov/MARC21/slim" xmlns:cinclude="http://apache.org/cocoon/include/1.0" xmlns:zs="http://www.loc.gov/zing/srw/">
  <leader>00490cz  a2200157n  4500</leader>
  <controlfield tag="001">nr 96003034 </controlfield>
  <controlfield tag="003">DLC</controlfield>
  <controlfield tag="005">20060513071206.0</controlfield>
  <controlfield tag="008">960124n| acannaabn          |a aaa     c</controlfield>
  <datafield tag="010" ind1=" " ind2=" ">
    <subfield code="a">nr 96003034 </subfield>
  </datafield>
  <datafield tag="035" ind1=" " ind2=" ">
    <subfield code="a">(OCoLC)oca03996401</subfield>
  </datafield>
  <datafield tag="040" ind1=" " ind2=" ">
    <subfield code="a">CtY-Mus</subfield>
    <subfield code="b">eng</subfield>
    <subfield code="c">CtY-Mus</subfield>
    <subfield code="d">OOC</subfield>
  </datafield>
  <datafield tag="100" ind1="1" ind2=" ">
    <subfield code="a">Ferguson, Howard,</subfield>
    <subfield code="d">1908-1999.</subfield>
    <subfield code="t">Diversions</subfield>
  </datafield>
  <datafield tag="400" ind1="1" ind2=" ">
    <subfield code="a">Ferguson, Howard,</subfield>
    <subfield code="d">1908-1999.</subfield>
    <subfield code="t">Four diversions</subfield>
  </datafield>
  <datafield tag="400" ind1="1" ind2=" ">
    <subfield code="a">Ferguson, Howard,</subfield>
    <subfield code="d">1908-1999.</subfield>
    <subfield code="t">4 diversions</subfield>
  </datafield>
  <datafield tag="670" ind1=" " ind2=" ">
    <subfield code="a">Ferguson, H. Four diversions, c1948.</subfield>
  </datafield>
</record>